@inproceedings{sarah_ziv,
  title={On the Intractability of Multiclass Restroom Queues with Perfect Stall Etiquette},
  author={Sarah Allen and Ziv Scully},
  booktitle={Proceedings of SIGBOVIK 2018},
  year={March 29, 2018},
  publisher={ACH, Pittsburgh, PA, USA}
}

@inproceedings{sol,
  title={A Survey of Hardware Multithreading},
  author={Sol Boucher},
  booktitle={Proceedings of SIGBOVIK 2018},
  year={March 29, 2018},
  publisher={ACH, Pittsburgh, PA, USA}
}

@inproceedings{stefan_ben,
  title={Construction of Eulerian Trails in Large Graphs},
  author={Stefan Muller and Ben Blum},
  booktitle={Proceedings of SIGBOVIK 2018},
  year={March 29, 2018},
  publisher={ACH, Pittsburgh, PA, USA}
}

@inproceedings{rob,
  title={That's Numberwangcoin!},
  author={Robert J. Simmons},
  booktitle={Proceedings of SIGBOVIK 2018},
  year={March 29, 2018},
  publisher={ACH, Pittsburgh, PA, USA}
}

@inproceedings{ryan,
  title={Transparency in Research},
  author={Ryan Kavanagh},
  booktitle={Proceedings of SIGBOVIK 2018},
  year={March 29, 2018},
  publisher={ACH, Pittsburgh, PA, USA}
}

@inproceedings{jim_tom,
  title={The fluint8 Software Integer Library},
  author={Jim McCann and Tom Murphy VII},
  booktitle={Proceedings of SIGBOVIK 2018},
  year={March 29, 2018},
  publisher={ACH, Pittsburgh, PA, USA}
}

@inproceedings{carlo,
  title={Artisanal Type Theory},
  author={Carlo Angiuli},
  booktitle={Proceedings of SIGBOVIK 2015},
  year={April 1, 2015},
  publisher={ACH, Pittsburgh, PA, USA}
}

@inproceedings{ben,
  title={Which {ITG} Stepcharts are Turniest?},
  author={Ben Blum},
  booktitle={Proceedings of SIGBOVIK 2016},
  year={April 1, 2016},
  publisher={ACH, Pittsburgh, PA, USA}
}
